2628 4092
150 169 167 194 ”’
230 219 338 376 ³2¹⁴.
580 162 1223 382 'ouum

228 423 331 475 ratem
352 403 438 476 Euan
461 405 514 478 elii
529 407 685 508 ymnis,
720 433 820 507 quem
842 414 895 485 sua
915 434 982 482 non
1001 433 1042 482 ex
1057 405 1124 480 h'oe
1144 409 1255 478 illove

232 490 377 580 audiere,
391 490 422 564 se
462 518 480 564 a
497 495 652 600 magistro
666 501 785 595 Spiritu
796 501 914 574 Sanelo
929 495 1060 570 heulille
1074 500 1250 570 novimus.

230 597 380 684 Mirum,
402 597 494 694 quod
508 621 573 670 non
593 597 709 688 Mosen
727 623 796 696 quo
823 628 861 674 ue
884 603 923 678 &
936 590 1099 672 Davidem
1116 621 1191 693 quae
1215 601 1252 669 in

77 703 81 714 ’
229 692 336 792 Geoefi
347 689 667 783 &Psalmul'xllll
689 691 733 763 de
747 623 1065 772 vellrolleilrrbenr,
1084 688 1251 766 eebilone

164 824 168 832 ·
229 803 350 857 mutuo
364 781 513 882 aceepille
528 785 618 855 dixit.
658 786 797 860 Dixillet
812 790 942 888 opinor,
958 789 991 857 ni
1000 806 1077 866 retas
1088 786 1249 861 obtineo

201 919 204 924 ·
230 886 313 977 sed,
343 907 382 960 ut
395 885 563 958 redeamus
578 889 612 956 in
626 890 730 975 viem,
759 885 801 960 sic
816 891 933 986 colligo
951 913 959 958 :
991 889 1045 958 De
1059 875 1160 954 verbo
1175 881 1247 961 hoc

110 1062 114 1072 ι
229 973 373 1050 uolones
404 974 614 1074 personarum
642 978 871 1070 praedicantur,
903 979 940 1052 δι
959 973 1075 1048 divinae
1130 973 1248 1050 uidem
1294 1008 1295 1050 t

227 1061 394 1156 adliones,
410 1089 497 1164 ergo
515 1063 648 1135 uerbum
663 1061 729 1136 hoe
742 1065 847 1140 divina
861 1063 993 1164 persona
1006 1063 1073 1136 est‘
1104 998 1245 1156 Qum-

230 1173 341 1250 quem,
356 1154 436 1250 quid
451 1171 585 1246 oportet
596 1177 657 1224 uos
668 1154 803 1226 demum
817 1155 861 1230 stc
872 1156 1035 1252 colligere,
1049 1175 1125 1226 eom
1135 1153 1245 1226 hube-

116 1324 121 1332 .
229 1279 323 1332 emus
336 1253 489 1354 Apolloli
503 1255 617 1328 verba:
643 1244 705 1328 Kal
725 1247 803 1337 erle
821 1243 855 1342 ele
877 1255 893 1328 i
918 1264 1034 1347 λόγος.

316 1367 361 1446 2)
387 1362 480 1434 Cum
492 1359 571 1435 oon
585 1357 839 1446 intercedamus,
879 1353 1091 1432 fiChrilltun
1104 1354 1243 1437 verbm

230 1454 296 1545 ajat
313 1448 458 1535 dietum.
473 1448 573 1548 fquod
594 1471 653 1544 per
668 1471 744 1520 eum
766 1443 954 1519 hominibus
974 1447 1122 1521 voluntas
1136 1451 1243 1526 divina

229 1547 390 1655 petefeeh
403 1547 461 1640 sn,
479 1551 586 1636 ‘immo
602 1543 730 1643 ipsimet
749 1548 783 1618 id
797 1545 987 1642 colligemus
1003 1567 1043 1617 ex
1055 1547 1116 1645 3ο.
1133 1549 1159 1626 1.
1180 1557 1241 1624 rr.

123 1715 133 1728 .
228 1649 341 1734 iterim
355 1641 558 1754 ὂξηγιίσὸπ,
578 1653 681 1727 Nulla
702 1675 809 1725 tamen
826 1655 953 1724 ratione
975 1655 1020 1725 ita
1040 1654 1114 1723 lieet
1136 1657 1240 1728 inter.

228 1764 346 1860 pretori
360 1783 472 1833 voees:
498 1759 608 1862 Imago
622 1760 685 1834 Dei
698 1751 873 1854 inoifibillr.
923 1765 1009 1836 Non
1027 1763 1111 1833 enim
1126 1763 1188 1832 ime
1214 1789 1237 1838 o

228 1855 346 1928 dieitur
358 1851 504 1942 alicujus,
527 1875 558 1921 v.
571 1873 603 1948 g.
617 1852 783 1946 Principis,
799 1873 867 1946 quo
882 1852 1112 1956 ejus-mundate
1126 1854 1164 1922 od
1178 1785 1238 1924 ali-

228 1965 332 2042 quem
343 1937 474 2038 perfert.
514 1941 565 2011 At
589 1939 1236 2038 umentumveroptodrvmrtateChrilli,

227 2051 433 2194 tuetur
447 1963 1238 2216 olinolntionn:

190 2289 193 2296 ,
226 2211 335 2291 uerbis
357 2173 599 2300 explicabimus.
647 2211 762 2303 Imago
781 2204 828 2280 ell
849 2204 998 2280 Christus
1019 2213 1104 2300 Dei,
1132 2213 1239 2306 itaque

229 2297 359 2379 exhibet
378 2299 577 2374 divinitatem
599 2299 631 2368 iu
652 2294 719 2395 ipso
739 2295 943 2371 noscendam.
983 2303 1105 2384 Porto,
1128 2303 1238 2397 imago

228 2391 281 2466 uel
300 2391 413 2463 animae
434 2411 549 2485 expers
563 2385 627 2474 ell,
655 2387 707 2458 vel
722 2389 869 2460 animata.
893 2388 976 2462 Illud
990 2387 1030 2460 de
1044 2389 1179 2464 Cluilio
1199 2413 1238 2461 ne

228 2491 397 2570 aduersarii
420 2491 555 2586 quidem
574 2489 734 2574 dixerint,
762 2489 869 2586 itaque
892 2488 1033 2559 minuta
1058 2488 1164 2600 imago
1185 2489 1238 2566 cll

232 2589 352 2666 Porro,
368 2603 443 2654 eum
457 2583 541 2654 vivat
555 2580 594 2655 &
609 2599 681 2674 agat
697 2573 864 2672 Christus,
887 2602 990 2674 neque
1006 2599 1111 2669 taorep
1125 2581 1239 2678 onogi-

228 2695 306 2748 uem
319 2671 387 2744 Dei
403 2665 582 2746 notionibus
598 2667 661 2742 suls
676 2663 781 2742 faeere
795 2668 928 2754 dicatur,
943 2665 995 2738 sed
1010 2663 1068 2737 elle
1078 2669 1145 2764 ipse
1158 2674 1237 2742 ime.

230 2787 292 2864 go,
315 2776 448 2859 oportet
463 2762 496 2830 iu
513 2759 613 2855 ipstuo
627 2757 760 2856 persona
775 2755 835 2827 elle
847 2757 1057 2842 divinitatem,
1074 2783 1172 2854 quam
1185 2782 1238 2832 re·

229 2849 414 2950 presentat.
466 2851 525 2934 At,
542 2843 613 2920 fiio
635 2843 771 2944 persona
785 2845 928 2915 divinitas
943 2841 1006 2931 est,
1028 2847 1089 2918 etit
1102 2848 1242 2944 persone

80 2977 85 3026 3
115 2969 119 2976 ·
187 2977 191 2985 ·
232 2941 352 3025 divina,
372 2933 517 3023 hucell,
537 2937 645 3009 Deus.
689 2933 791 3008 Relle
809 2930 883 3006 haec
904 2935 1008 3034 colligi
1028 2959 1093 3008 nou
1109 2937 1241 3030 dubito,

179 3047 181 3052 '
231 3031 397 3108 monitum
413 3045 519 3100 temen
532 3025 805 3110 leooremveum,
820 3043 868 3110 ut,
885 3021 988 3097 finon
1005 3026 1105 3119 capiat
1119 3029 1240 3116 omnin,

233 3114 422 3194 clarioribus
447 3137 615 3191 contentus
637 3113 686 3188 stt.
742 3115 796 3186 Ad
812 3109 1031 3206 objedlionem
1054 3118 1241 3188 sociniano-

228 3231 322 3284 rum:
354 3206 411 3304 qui
425 3205 533 3305 imago
549 3204 586 3276 ltt
600 3208 677 3292 Dei,
697 3206 774 3274 item
790 3201 924 3274 verbum
938 3203 1017 3292 Dei,
1030 3227 1070 3274 eo
1085 3203 1242 3302 iploDeo
1292 3237 1301 3260 ·

232 3323 277 3392 op
303 3300 377 3379 ooi5
402 3293 650 3392 respondemus:
678 3293 769 3392 quod
786 3289 902 3388 laepius
915 3289 1040 3364 dilium
1056 3291 1113 3378 ell,
1131 3317 1241 3369 eontra

145 3422 147 3432 ·
233 3321 537 3479 Solellietmvelere,
564 3391 654 3486 quod
677 3397 791 3486 ajunt3
822 3385 969 3464 ellenim
992 3411 1075 3463 certe
1119 3393 1239 3478 etsonae

233 3485 371 3588 persona
395 3482 565 3578 opposite,
594 3499 704 3554 eontra
724 3503 784 3550 nos
807 3473 887 3550 nihil
902 3481 1017 3553 valere.
1060 3416 1116 3553 El
1131 3487 1243 3582 utique

236 3572 406 3670 goellus,
422 3595 487 3648 noo
501 3572 552 3644 ille
568 3568 649 3666 ipse,
667 3577 759 3664 cupos
773 3565 819 3642 ell
832 3567 1015 3648 verbum&
1027 3571 1150 3670 inrogo,
1170 3569 1243 3646 hs,

1173 3685 1241 3738 non
