2642 4092
419 189 736 338 ³qu
856 265 865 288 .
1029 220 1100 294 ιε’
1233 260 1238 272 -

10 377 18 436 i
86 383 300 461 eumnon
315 351 390 442 effe
404 357 668 470 ipiumnnum
678 357 830 446 Deum.
887 361 1021 470 Quod
1034 365 1108 450 eti·

10 469 18 613 [
92 467 249 594 amad
271 467 424 664 smgula
442 465 534 552 haec
553 467 786 558 testimonia
803 469 921 572 simul
944 467 1108 596 respon»

10 645 17 694 ,
92 581 191 669 den
218 599 319 694 pote
355 638 365 659 .
419 578 600 664 Verbum
627 605 727 668 vero
761 581 828 672 vel
856 577 988 666 sermo
1021 579 1106 666 Dei

10 731 17 784 ι
94 684 329 804 Jesusideo
345 709 622 813 nuncupatur,
638 685 1107 816 quodomnemDeivo·

10 833 16 876 i
96 807 310 892 luntatem
326 797 447 885 nobis
463 795 718 910 exposuerit,
747 823 795 888 ut
810 798 967 888 ibidem
979 799 1108 910 Joan·

10 899 14 976 ³
94 939 179 1000 nes
198 909 362 998 inferius
375 909 578 1023 exposuit.
617 909 759 996 Deum
773 937 900 998 nemo
912 907 1017 1000 vidit
1030 933 1109 994 un·
1223 989 1226 994 .

10 1003 13 1130 ³
95 1015 630 1242 tinnmntb
648 1022 780 1232 tit
795 1017 1114 1248 temet

136 1271 208 1330 um
227 1245 351 1330 etiam
367 1239 518 1328 eodem
536 1241 648 1328 sensu
662 1243 707 1330 δι
724 1247 811 1332 vita
828 1244 1031 1330 &veritat
1048 1235 1109 1326 di·

93 1353 226 1446 citur.
281 1355 422 1466 Atque
443 1347 530 1438 hoc
554 1349 669 1466 idem
695 1349 780 1440 dici
802 1352 938 1468 potest
960 1352 1013 1438 de
1039 1377 1109 1458 eo,

99 1463 222 1582 quod
254 1465 392 1580 imago
421 1461 504 1548 Dei
539 1460 798 1575 inconspicui
828 1481 1015 1551 vocatur.
1052 1463 1110 1574 2)

99 1571 242 1690 Qiod
259 1601 358 1662 vero
375 1569 583 1658 charatier
601 1570 630 1656 h
660 1569 862 1685 postaseos
877 1573 963 1686 ejus
978 1567 1111 1656 ditius

10 1701 11 1712 '
102 1687 170 1796 fit,
191 1687 276 1772 hoc
292 1683 463 1796 intelligi
478 1681 619 1789 debet,
679 1707 796 1790 eum,
817 1677 1018 1798 quicquid
1033 1705 1112 1766 no·

96 1797 172 1886 bis
185 1795 389 1912 promifit‚
415 1799 500 1910 jam
514 1793 643 1906 reipsa
668 1795 712 1880 in
727 1819 782 1879 eo
800 1788 1032 1878 exhibuisse.
1053 1789 1109 1904 3)

98 1907 241 2020 Qiod
262 1934 361 1996 veto
383 1907 534 1994 attinet
557 1903 612 1990 ad
638 1899 792 1990 dietum
808 1902 985 1992 Domini
999 1901 1114 2014 Jesu;

104 2021 196 2125 Qti
208 2047 273 2104 me
295 2018 425 2124 videt,
448 2013 564 2103 videt
578 2031 760 2131 patrem,
781 2041 916 2130 neque
930 2009 1114 2100 hincma-

10 2180 15 2204 ι
107 2145 244 2214 tutam
265 2125 447 2214 divinam
471 2125 662 2240 probari,
689 2147 848 2213 certum
868 2127 1017 2238 cuique
1036 2117 1113 2210 eise
1196 2121 1206 2138 ”

22 2301 26 2308 -
102 2321 110 2338 ,
140 2237 258 2343 otest,
281 2257 380 2322 cum'
390 2263 438 2322 ea
451 2237 558 2322 ratio
572 2234 741 2324 videndi
756 2263 844 2324 non
854 2233 974 2351 poffit
992 2230 1046 2320 de
1057 2231 1113 2318 es·

15 2411 34 2426 -·
106 2261 239 2438 fontia
252 2345 336 2432 Dei
352 2347 511 2458 accipi,
538 2371 630 2458 quae
647 2343 855 2434 invisibilis
872 2344 921 2432 fit
934 2341 1111 2460 prorsus,

108 2485 254 2556 verum
271 2453 325 2542 de
341 2459 586 2570 cognitione
599 2483 759 2566 comm,
771 2481 865 2572 quae
883 2453 988 2542 dixit
1001 2452 1114 2544 &fe-

10 2637 14 2680 ,
49 2635 56 2658 .
111 2571 170 2658 cit
186 2563 382 2674 chenus,
399 2577 448 2652 ut
459 2561 616 2650 ibidem
637 2595 699 2656 io
723 2563 1026 2654 versuChriibis
1041 2563 1113 2652 de·

110 2682 249 2767 clarat
309 2677 330 2790 )
386 2673 480 2764 Nec
502 2673 580 2761 illis
603 2671 698 2762 den’
728 2703 782 2762 ue
809 2675 963 2786 verbis,
998 2673 1124 2794 quoda

109 2707 328 2907 plenituio
342 2784 567 2872 divinitatis
582 2785 697 2914 ineo
743 2787 875 2874 abitat
890 2787 1114 2914 corpoiaii·
1178 2886 1181 2901 .

75 2919 195 3008 ter,
249 2897 418 2985 robatur
436 2915 583 2982 natum
599 2895 751 2983 divina,
806 2897 987 2984 anum
1002 2923 1116 2985 emm

113 3035 198 3096 vox
214 2923 321 3115 goe,
339 3006 545 3112 divinitas,
565 3003 774 3122 designare
781 3009 916 3122 potest
925 3009 1116 3098 volunta·

112 3137 198 3208 tem
215 3119 320 3227 Dei,
342 3143 516 3230 eamque
530 3121 767 3204 orationem
787 3119 1117 3233 cumApostolus

76 3250 80 3266 ·
115 3250 305 3356 opponat
331 3251 420 3314 non
448 3227 652 3340 personae,
678 3225 748 3314 sed
776 3227 938 3344 philoso
969 3227 1050 3314 hiae
1069 3229 1114 3317 δι

10 3449 12 3456 y
35 3399 37 3407 ,
117 3339 194 3454 legi
201 3371 214 3443 ;
236 3336 346 3464 hinc
400 3341 626 3454 erspicuum
648 3339 725 3447 est,
752 3367 845 3462 eam
863 3340 916 3428 de
931 3257 1116 3430 sobrino

112 3449 289 3538 ‘Domini
297 3361 397 3562 ΜΕ
404 3475 492 3538 non
500 3449 552 3536 de
561 3450 735 3578 persona
745 3456 891 3568 accipi
948 3451 1017 3542 De
1032 3453 1115 3542 hac

12 3621 38 3640 =·
1014 3591 1119 3659 veto
