2622 4112
224 137 302 287 rot
580 177 909 284 niorto

230 331 382 422 omnibus
396 367 457 416 nos
475 341 595 438 opibus
610 362 712 434 exue,
732 366 855 445 propter
867 366 1026 443 peccatum
1051 358 1103 432 (3'
1117 343 1163 418 seu
1175 351 1226 424 alia

230 439 322 510 litera
333 431 555 507 subintellecta
570 455 642 506 ante
657 443 735 530 lut)
757 443 795 518 cl·
809 443 891 533 eripe
904 433 990 519 bona,
1007 443 1047 516 ὠ·
1056 463 1060 468 ·
1069 437 1227 532 pendemus,

227 541 283 626 'pro
297 534 410 610 tauris,
425 525 481 622 qui
497 525 530 594 in
544 549 579 595 re
591 528 681 594 tenui
696 525 845 612 deerunt,
860 522 945 596 talia
956 527 1070 618 nostra,
1090 524 1152 600 h.e.
1168 555 1229 602 non

231 617 414 690 desinemus
428 635 537 685 tamen
550 613 654 686 laudis
671 614 727 686 tibi
743 612 829 686 ferre
845 613 999 698 sacrificia,

320 710 360 800 ς)
386 707 471 778 Non
480 705 645 776 immerito
653 727 738 777 ratus
747 703 936 786 elldocinun
951 706 1116 778 didurnm
1124 707 1227 778 adver-

232 794 348 874 sarium
362 794 467 879 suum,
483 795 540 888 qui
557 809 628 865 tunt
638 801 766 873 Civem
779 789 855 880 fuit,
874 795 1082 868 vehementer
1098 795 1246 880 cordiam,

230 884 293 960 elle
308 881 388 956 hanc
403 885 714 977 interpretationem,
731 909 848 981 nernpe
862 881 1033 958 Christum
1050 885 1146 956 tulille
1162 911 1234 980 pec·

233 999 313 1062 cata,
330 999 407 1046 cum
423 971 534 1056 docuit
547 977 701 1065 exemplo
716 977 798 1045 viam
811 970 997 1058 fruebaris,
1016 975 1234 1064 &translatio-

173 1079 177 1088 '
233 1089 307 1140 nem
317 1063 592 1136 illamterborum
606 1062 947 1162 perrandfflerendi.
986 1065 1034 1136 At
1051 1069 1127 1136 tueri
1135 1065 1232 1156 luam,

234 1177 434 1253 quamquam
447 1147 791 1238 dideneeconr'dentn,
808 1149 1078 1248 ceadamipsunet
1091 1158 1178 1226 visam
1186 1159 1235 1226 in·

233 1244 498 1338 terpretationern
510 1297 525 1328 ,
547 1239 579 1312 se
595 1241 682 1337 polle
698 1243 869 1314 arbitratur
886 1243 1000 1313 celebri
1024 1245 1098 1332 illo,
1115 1247 1152 1318 dt
1166 1249 1239 1338 plue

1097 312 1204 326 ...ᾖ

106 1364 111 1374 v
203 1355 208 1365 ¹
233 1355 337 1430 quam
349 1356 436 1428 opus
449 1351 531 1414 erat.
542 1352 656 1402 vexato
671 1336 758 1420 loco,
770 1331 903 1403 Maetth.
917 1337 1012 1405 VIII..
1029 1347 1142 1418 16.17.
1173 1337 1243 1407 Hic

235 1425 433 1496 utinamnorr
444 1421 518 1492 effer
533 1421 716 1510 fatendum,
725 1428 757 1494 in
770 1423 960 1496 muluatus
969 1425 1057 1493 itum
1067 1423 1125 1494 effe
1137 1425 1175 1494 ab
1184 1426 1241 1495 ln-

233 1513 445 1608 terpretibus,
460 1509 654 1584 nostratibus
664 1517 775 1600 etiarn,
792 1514 869 1584 utin
883 1514 1245 1612 corttordiamredigunt

232 1599 433 1707 Prophetam
447 1603 485 1675 ὅ(
501 1599 745 1696 Evangelistant.
793 1605 950 1696 Namque
966 1604 1055 1672 illum
1070 1605 1186 1700 primo,
1202 1605 1245 1676 de

234 1689 448 1788 spiritualibus
458 1691 597 1778 morbis,.
616 1687 653 1763 h.
665 1715 692 1761 e.
735 1693 849 1764 ectatis.
857 1693 952 1786 loqui
966 1693 1160 1781 existimant,
1171 1712 1247 1768 tunt

232 1803 312 1852 vero
326 1803 366 1854 ea
376 1781 422 1852 ita
431 1777 578 1874 suscepta
589 1782 651 1854 etse
664 1717 890 1868 adbrillout
904 1780 1034 1876 proprie
1050 1776 1158 1868 ferret,
1171 1779 1207 1855 h.
1217 1809 1251 1856 e.

185 1916 193 1934 e
233 1892 351 1966 poenas
371 1866 425 1940 hie
447 1867 576 1941 debitat
594 1869 784 1956 sustineret,
804 1873 1001 1942 Menelaum·
1020 1891 1133 1943 contra
1153 1873 1191 1946 δι
1206 1875 1248 1946 de

233 1960 387 2056 corporis
399 1957 635 2036 infirmitatibus
651 1957 885 2045 tabefacere„
904 1965 942 2035 &
957 1985 1012 2031 eas
1025 1984 1092 2032 non
1104 1987 1125 2034 a
1139 1959 1248 2034 Chri-

234 2045 286 2118 sto
302 2049 454 2122 toleratas
473 2045 529 2119 sen
544 2049 577 2118 in
596 2046 705 2144 ipsum
720 2051 901 2135 translatas,
924 2053 1057 2148 intelligi
1070 2049 1169 2137 velle,
1189 2050 1249 2128 l'ed

233 2136 355 2210 ablatas
367 2135 585 2224 sanandosut
597 2139 753 2210 Medicus
766 2163 838 2209 non.
850 2145 887 2210 in
900 2139 935 2213 se
951 2137 1102 2212 transfert
1115 2135 1250 2230 febrim,

232 2247 297 2324 que
311 2229 550 2302 medicamentis
563 2225 626 2299 suis
640 2249 802 2328 agrotum
811 2229 937 2302 liberat.
990 2229 1254 2324 Nonlarisfece-

233 2340 328 2406 runt,
355 2317 451 2416 quod
468 2319 531 2390 stne
556 2322 790 2416 vituperatione
813 2321 1019 2392 summorum
1039 2323 1257 2416 ingeniorum

234 2405 361 2480 ditium
384 2410 490 2498 velim,
516 2431 634 2479 omnes
654 2411 845 2506 interpretes
869 2413 1016 2482 omnium
1041 2413 1264 2506 religionum.

232 2495 1099 2599 Rcsntihividctutbincortaquodunitancgleilaby
1125 2497 1263 2590 otbesn,

258 2611 331 2660 uam
339 2589 446 2684 paullo
455 2587 528 2686 poll
537 2585 728 2662 indicabo&
736 2612 844 2660 veram
853 2584 911 2660 else
919 2523 1165 2678 demonstrabo,
1183 2587 1265 2664 dif-

232 2609 391 2750 baleares
407 2678 572 2763 δίποδος,
584 2700 659 2748 curn
668 2677 747 2748 nulli
759 2678 873 2766 cffcnt,
883 2675 941 2748 sibi
954 2679 1117 2768 linxerint,
1138 2683 1180 2755 &
1191 2679 1265 2754 hos

125 2839 133 2852 ,
234 2764 1090 2875 quidennit'aardlos,utexpcdirel'rustraconatcntur.
1136 2773 1265 2844 Cura·

233 2877 298 2930 taus
313 2859 412 2956 igitur
426 2860 530 2930 orabo
538 2856 619 2936 bant
632 2855 776 2942 cossam,
789 2883 858 2928 non
869 2859 1165 2932 inSocinianorum
1179 2884 1265 2957 gra·

233 2949 324 3033 tiam,
342 2950 399 3042 qui
409 2951 506 3018 unico
523 2947 587 3017 hoc
603 2947 640 3022 &
655 2949 688 3018 in
703 2946 818 3018 multas
832 2945 996 3020 sententias
1005 2947 1151 3031 dillorto
1165 2951 1262 3021 loco

49 3103 54 3114 ,
233 3057 466 3132 nonpoterunt
480 3039 609 3108 eludere
625 3035 765 3108 divinam
780 3039 958 3124 veritatem,
974 3037 1016 3110 de
1028 3037 1265 3112 satisfadliont

96 3137 103 3158 '
258 3125 451 3220 ropriiffirne
466 3125 624 3200 aChristo
638 3149 701 3220 pro
719 3131 856 3221 peccatis
870 3129 993 3226 generis
1008 3125 1148 3204 humani
1166 3126 1265 3227 pr'ae·

234 3149 324 3289 ilina:
354 3212 454 3288 sedin
502 3221 612 3288 tatiana
627 3217 835 3288 cordatorum
850 3215 1045 3306 bominum,'
1069 3219 1108 3292 δι
1126 3220 1265 3314 quibu

234 3306 486 3379 veritasduleise
515 3360 525 3379 .
557 3307 999 3401 Minimeomniumplacent,
1016 3311 1265 3404 quiEsstiedu

232 3421 274 3470 os
288 3395 391 3468 sensus
400 3397 559 3480 tribuunt,
574 3397 766 3502 primarium
781 3419 896 3482 unum,
912 3398 1048 3496 alterum
1061 3397 1265 3472 secundari

229 3507 304 3584 ¹tntu
318 3481 456 3560 bunede
471 3481 599 3562 morbus
616 3488 765 3580 corporis
780 3486 1141 3586 iccepiffc&repctffle
1147 3493 1265 3649 hMaer

1129 3599 1147 3648 r
1174 3605 1265 3652 aun
